000770276 FMT   L BK
000770276 LDR   L ^^^^^cam^a22004692i^4500
000770276 001   L 000770276
000770276 005   L 20151225091803.0
000770276 008   L 940713s1950^^^^fi^|||||||||||||||d|fin||
000770276 015   L $$af535310$$2skl
000770276 035   L $$a(FI-MELINDA)000770276
000770276 040   L $$aFI-NL
000770276 0410  L $$afin
000770276 042   L $$afinb
000770276 080   L $$a894.541$$x-2$$9FENNI<KEEP>
000770276 1001  L $$aKivi, Aleksis,$$d1834-1872.
000770276 24510 L $$aKootut teokset.$$n3,$$pNäytelmiä: Olviretki Schleusingenissä ; Leo ja Liisa ; Canzino ; Selman juonet ; Alma /$$cAleksis Kivi ; julk. E. A. Saarimaa.
000770276 250   L $$a4. p.
000770276 260   L $$aHelsinki :$$bSuomalaisen kirjallisuuden seura,$$c1950.
000770276 300   L $$aX, [2], 518, [3] s. ;$$c8:o
000770276 336   L $$ateksti$$btxt$$2rdacontent
000770276 337   L $$akäytettävissä ilman laitetta$$bn$$2rdamedia
000770276 338   L $$anide$$bnc$$2rdacarrier
000770276 4901  L $$aSuomalaisen Kirjallisuuden Seuran toimituksia,$$x0355-1768 ;$$v138 osa
000770276 563   L $$aSidottu.
000770276 7001  L $$aSaarimaa, E. A.
000770276 7400  L $$aNäytelmiä.
000770276 830 0 L $$aSuomalaisen Kirjallisuuden Seuran toimituksia,$$x0355-1768 ;$$v138 osa.
