000779229 FMT   L BK
000779229 LDR   L ^^^^^cam^a2200553^i^4500
000779229 001   L 000779229
000779229 005   L 20151215004854.0
000779229 008   L 941020s1921^^^^fi^|||||||||||||||j|fin|^
000779229 015   L $$af543958$$2skl
000779229 035   L $$a(FI-MELINDA)000779229
000779229 040   L $$aFI-NL
000779229 0410  L $$afin
000779229 042   L $$afinb
000779229 080   L $$a894.541$$x-3$$9FENNI<KEEP>
000779229 080   L $$a894.541$$x-32
000779229 1001  L $$aAho, Juhani.
000779229 24510 L $$aKootut lastut.$$n1 /$$cJuhani Aho.
000779229 260   L $$aPorvoossa :$$bWSOY,$$c1921$$e(Porvoossa :$$fWSOY)
000779229 300   L $$a573 s. ;$$c8:o
000779229 336   L $$ateksti$$btxt$$2rdacontent
000779229 337   L $$akäytettävissä ilman laitetta$$bn$$2rdamedia
000779229 338   L $$anide$$bnc$$2rdacarrier
000779229 500   L $$aLisäpainokset: 2. p. 1947. - 3. p. 1948. - 4. p. 1951.$$9FENNI<KEEP>
000779229 500   L $$aMuutamia alkuperäiskokoelmiin (Lastuja 1, 1891 ; Uusia lastuja, 1894 ; Lastuja 3, 1896) sis. novelleja on jätetty tästä kokoelmasta pois.$$9FENNI<KEEP>
000779229 5050  L $$aLastuja, kokoelma 1: Uudisasukas ; Kosteikko, kukkula, saari ; Mallikelpoinen ; Hääpäivänä ; Kerran konsertissa ; Kotiin ; Maan sydämeen ; Isäntä ja mökkiläinen ; Idän halla ; Kurjalan rannalla ; Alakuloisuuden ylistys ; Vanha valkama ; Vanha laulaja ; Purjeita kuivaamassa ; Surullinen tarina jäniksenpojasta ; Iloinen tarina jäniksestä ja pojasta ; Haltian joululahjat ; Hirvi ; Jumalan luomia ; Pyhitetyt pyydysmetsät ; Jumalan lintu ; Metsämiehen muistelma ; Taikuri ; Kohtaus oikeuden istunnossa ; Näköhäiriö ; Uskollinen ; Viimeinen rakkauteni ; Kaksin ; Nuoruuden unelma. - Uusia lastuja: Kevätkylmät ; Joulu ; Kevät ja kesä ; Syysmyrsky ; Kesäinen unelma ; Sasu Punanen ; Aave ; Rakkauden kirje ; Ruokarouva ; Helsinkiin ; Vastamyrkky ; Vanha nuorimies ; Mennyttä kalua ; "Oi, jos oisin virkamies" ; Vanha muisto ; Salaperäinen tarina ; Urotyö ; "Hätääkärsivien hyväksi" ; Taiteilija, joka oli maalannut paljaan naisen ; Hyppäys toiseen maailmaan ; Kotoinen kylyni ; Onnelani. - Lastuja, kokoelma 3: Isien puu ; Kaukana ja korkealla ; Kevään kevät ; Synkän korven sydämeen ; Syyskuun kesä ; Syksyllä ; Imatralla ; Rautatiejunassa ; Suurin totuus ; Kuvain kumartaja ; Ihmisen pelko ; Pienehkö, pyöreä, pehmeähkö ; Nuori sielu ; Oman onnensa seppä ; Yhdistysten aikakaudella ; Liian suuria miehiä ; Liisan lehmä ; Naimajuttu ; Kujeelan Matti ; "Nyt ne tulee!" ; Viimeinen ponnistus ; Koulumuistoja ; Unholaan ; Hätä ; Kielletty hedelmä ; Ilkityö ; Hula ; Hektor II ; Mullikka ; Verikaste ; Väinämöisen kantele ; Sovintojuhla ; Sydänmaankylän kansakoulu ; Juhannus ; Tuulien käänteissä ; Miten tahtoisin elää ja miten kuolla$$9FENNI<KEEP>
000779229 5611  L $$aH Reenpää: [Heikki Reenpää].$$5HELKA
000779229 650 7 L $$asuomenkielinen kirjallisuus$$xnovellit$$y1890-1910-luku$$2ysa
000779229 650 7 L $$akertomakirjallisuus$$2ysa
000779229 650 7 L $$aromaanit$$xkootut teokset$$2ysa
000779229 7400  L $$aLastuja.
000779229 7400  L $$aUusia lastuja.
