000779573 FMT   L BK
000779573 LDR   L ^^^^^cam^a2200337zi^4500
000779573 001   L 000779573
000779573 005   L 20151225102540.0
000779573 008   L 941024s1947^^^^fi^|||||||||||||||f|fin||
000779573 015   L $$af544977$$2skl
000779573 035   L $$a(FI-MELINDA)000779573
000779573 040   L $$aFI-NL
000779573 0411  L $$afin$$hita
000779573 042   L $$afinb
000779573 080   L $$a850$$x-3$$9FENNI<KEEP>
000779573 1001  L $$aBoccaccio, Giovanni.
000779573 24510 L $$aDekamerone.$$pNeljäs päivä ja siihen kuuluvat 10 kertomusta /$$cBoccaccio ; saksalaisesta painoksesta suom. Anja Elenius-Pantzopoulos.
000779573 260   L $$aTurku :$$bLukumies,$$c1947.
000779573 300   L $$a[2], 92 s. ;$$c8:o
000779573 336   L $$ateksti$$btxt$$2rdacontent
000779573 337   L $$akäytettävissä ilman laitetta$$bn$$2rdamedia
000779573 338   L $$anide$$bnc$$2rdacarrier
000779573 7001  L $$aElenius-Pantzopoulos, Anja.
000779573 7400  L $$aNeljäs päivä ja siihen kuuluvat 10 kertomusta.
